@book{Watt:2007:PLP:1557477,
 author = {Watt, David and Brown, Deryck and Sebesta, Robert W.},
 title = {Programming Language Processors in Java: Compilers and Interpreters AND Concepts of Programming Languages},
 year = {2007},
 isbn = {1408200414, 9781408200414},
 publisher = {Prentice Hall Press},
 address = {Upper Saddle River, NJ, USA},
} 

@Book{Aho:86,
     author =       "A. V. Aho and R. Sethi and J. D. Ullman",
     title =        "Compilers principles, techniques, and tools",
     publisher =    "Addison-Wesley",
     address =      "Reading, MA",
     year =         "1986",
}